@misc{hess2019,
	 title={ Hess’s law of heat summation},
	 url={https://academic.eb.com/levels/collegiate/article/Hesss-law-of-heat-summation/40293},
	 journal={Britannica Academic},
	 publisher={Encyclopædia Britannica},
	 year={2019},
	 month={Aug}
} 
